<collection xmlns="http://www.loc.gov/MARC21/slim">
<record>
  <leader>00796nam0a2200217 i 450 </leader>
  <controlfield tag="001">IT\ICCU\CNCE\041003</controlfield>
  <controlfield tag="005">20180508000000.0</controlfield>
  <datafield tag="012" ind1=" " ind2=" ">
    <subfield code="a">dic- o.ro e.e, DiIn (3) 1555 (Q)</subfield>
    <subfield code="2">fei</subfield>
  </datafield>
  <datafield tag="100" ind1=" " ind2=" ">
    <subfield code="a">19981104f1555        0itac0103    ba</subfield>
  </datafield>
  <datafield tag="101" ind1=" " ind2=" ">
    <subfield code="a">ITA</subfield>
  </datafield>
  <datafield tag="102" ind1=" " ind2=" ">
    <subfield code="a">BE</subfield>
  </datafield>
  <datafield tag="200" ind1="1" ind2=" ">
    <subfield code="a">℗Le ℗stanze di m. Giouanni Ferretti, dele bellezze di madama Christierna duchessa di Loreno \!!</subfield>
  </datafield>
  <datafield tag="210" ind1=" " ind2=" ">
    <subfield code="d">\1555?!</subfield>
    <subfield code="e">\Anversa!</subfield>
    <subfield code="g">typis Ioan. Latij</subfield>
  </datafield>
  <datafield tag="215" ind1=" " ind2=" ">
    <subfield code="a">40 p.</subfield>
    <subfield code="d">4ʻ</subfield>
  </datafield>
  <datafield tag="300" ind1=" " ind2=" ">
    <subfield code="a">La data si ricava dalla dedica</subfield>
  </datafield>
  <datafield tag="620" ind1=" " ind2=" ">
    <subfield code="a">BE</subfield>
    <subfield code="d">Anversa</subfield>
  </datafield>
  <datafield tag="700" ind1=" " ind2="1">
    <subfield code="a">Ferretti,</subfield>
    <subfield code="b">Giovanni</subfield>
    <subfield code="c"> &lt;fl. 1555&gt;</subfield>
    <subfield code="3">IT\ICCU\CNCA\013168</subfield>
  </datafield>
  <datafield tag="712" ind1="0" ind2="0">
    <subfield code="a">Laet, Hans</subfield>
    <subfield code="3">IT\ICCU\CNCT\003248</subfield>
    <subfield code="4">650</subfield>
  </datafield>
  <datafield tag="791" ind1="0" ind2="0">
    <subfield code="a">Latius, Ioannes</subfield>
    <subfield code="3">IT\ICCU\CNCT\004886</subfield>
    <subfield code="z">Laet, Hans</subfield>
  </datafield>
  <datafield tag="801" ind1=" " ind2="3">
    <subfield code="a">IT</subfield>
    <subfield code="b">ICCU</subfield>
    <subfield code="c">20201114</subfield>
  </datafield>
  <datafield tag="899" ind1=" " ind2=" ">
    <subfield code="a">Biblioteca nazionale Marciana. Venezia</subfield>
    <subfield code="1">VE0049</subfield>
    <subfield code="2">VEA BM</subfield>
  </datafield>
</record>
</collection>
